@online{APNSWuSVÃ¾UM,
	author = {Jugal Garg and Pooja Kulkarni and Rucha Kulkarni},
	title = {Approximating Nash Social Welfare under Submodular Valuations through (Un)Matchings},
	date = {2019-12-28},
	eprint = {1912.12541v1},
	archivePrefix = {arXiv},
	primaryClass = {cs.GT},
}